%YAML 1.1
%TAG !u! tag:unity3d.com,2011:
--- !u!1 &1021820995809723435
GameObject:
  m_ObjectHideFlags: 0
  m_CorrespondingSourceObject: {fileID: 0}
  m_PrefabInstance: {fileID: 0}
  m_PrefabAsset: {fileID: 0}
  serializedVersion: 6
  m_Component:
  - component: {fileID: 1021820995809723439}
  - component: {fileID: 1021820995809723434}
  - component: {fileID: 5162150733135818706}
  - component: {fileID: 1377292955130438431}
  - component: {fileID: 7929729387573046673}
  - component: {fileID: 4558790855998720109}
  - component: {fileID: 753741561334973588}
  - component: {fileID: 7056985083370676739}
  - component: {fileID: 1338743898087529542}
  - component: {fileID: 1338743897101398388}
  - component: {fileID: 8247204283767396294}
  - component: {fileID: 7451888586202821438}
  m_Layer: 8
  m_Name: BossMelee
  m_TagString: Untagged
  m_Icon: {fileID: 0}
  m_NavMeshLayer: 0
  m_StaticEditorFlags: 0
  m_IsActive: 1
--- !u!4 &1021820995809723439
Transform:
  m_ObjectHideFlags: 0
  m_CorrespondingSourceObject: {fileID: 0}
  m_PrefabInstance: {fileID: 0}
  m_PrefabAsset: {fileID: 0}
  m_GameObject: {fileID: 1021820995809723435}
  m_LocalRotation: {x: 0, y: 0, z: 0, w: 1}
  m_LocalPosition: {x: 10.6792, y: 2.6959, z: 11.377}
  m_LocalScale: {x: 1.4, y: 1.4, z: 1.4}
  m_Children:
  - {fileID: 6302837196632730279}
  - {fileID: 206236329415263078}
  - {fileID: 7265473230501220974}
  - {fileID: 2109318482796777891}
  m_Father: {fileID: 0}
  m_RootOrder: 0
  m_LocalEulerAnglesHint: {x: 0, y: 0, z: 0}
--- !u!136 &1021820995809723434
CapsuleCollider:
  m_ObjectHideFlags: 0
  m_CorrespondingSourceObject: {fileID: 0}
  m_PrefabInstance: {fileID: 0}
  m_PrefabAsset: {fileID: 0}
  m_GameObject: {fileID: 1021820995809723435}
  m_Material: {fileID: 13400000, guid: e3b0e00a5935d624090071c74ed34b63, type: 2}
  m_IsTrigger: 0
  m_Enabled: 1
  m_Radius: 0.5
  m_Height: 2
  m_Direction: 1
  m_Center: {x: 0, y: 0, z: 0}
--- !u!114 &5162150733135818706
MonoBehaviour:
  m_ObjectHideFlags: 0
  m_CorrespondingSourceObject: {fileID: 0}
  m_PrefabInstance: {fileID: 0}
  m_PrefabAsset: {fileID: 0}
  m_GameObject: {fileID: 1021820995809723435}
  m_Enabled: 1
  m_EditorHideFlags: 0
  m_Script: {fileID: 11500000, guid: df427abe983748cd939fad5cab144eff, type: 3}
  m_Name: 
  m_EditorClassIdentifier: 
  _data: {fileID: 11400000, guid: eeb4fdd6ab068cd4f84ac92570c47194, type: 2}
  _currentState: {fileID: 1377292955130438431}
  _deathState: {fileID: 753741561334973588}
  _idleState: {fileID: 1377292955130438431}
  Animator: {fileID: 7806621724967398940}
  Data:
    Health:
      value: 0
    MaxHealth:
      value: 0
    Speed:
      value: 0
    Strength:
      value: 0
    AttackDelay:
      value: 0
    Distance:
      value: 0
    AttackSpeed:
      value: 0
    VisionDistance:
      value: 0
    Avatar: {fileID: 21300000, guid: 159f91fc201e9884480a5e6f2f98199b, type: 3}
    Key: ui_enemy_warrior_boss
  _boss1State: {fileID: 1377292955130438431}
  _boss2State: {fileID: 1377292955130438431}
  _boss3State: {fileID: 1377292955130438431}
--- !u!114 &1377292955130438431
MonoBehaviour:
  m_ObjectHideFlags: 0
  m_CorrespondingSourceObject: {fileID: 0}
  m_PrefabInstance: {fileID: 0}
  m_PrefabAsset: {fileID: 0}
  m_GameObject: {fileID: 1021820995809723435}
  m_Enabled: 1
  m_EditorHideFlags: 0
  m_Script: {fileID: 11500000, guid: 968108f5550d4dd1b19d6dbcd1f774c4, type: 3}
  m_Name: 
  m_EditorClassIdentifier: 
  _attackState: {fileID: 8247204283767396294}
  Animator: {fileID: 7806621724967398940}
  _delayBetweenShoots: 2
  _shootTime: 7
  Notifier: {fileID: 3382713164425692117}
--- !u!114 &7929729387573046673
MonoBehaviour:
  m_ObjectHideFlags: 0
  m_CorrespondingSourceObject: {fileID: 0}
  m_PrefabInstance: {fileID: 0}
  m_PrefabAsset: {fileID: 0}
  m_GameObject: {fileID: 1021820995809723435}
  m_Enabled: 1
  m_EditorHideFlags: 0
  m_Script: {fileID: 11500000, guid: e47b4df7840602741bee1f491dcc37ad, type: 3}
  m_Name: 
  m_EditorClassIdentifier: 
  _attackState: {fileID: 8247204283767396294}
  Animator: {fileID: 7806621724967398940}
  _delayBetweenShoots: 1
  _shootTime: 7
  Notifier: {fileID: 3382713164425692117}
--- !u!114 &4558790855998720109
MonoBehaviour:
  m_ObjectHideFlags: 0
  m_CorrespondingSourceObject: {fileID: 0}
  m_PrefabInstance: {fileID: 0}
  m_PrefabAsset: {fileID: 0}
  m_GameObject: {fileID: 1021820995809723435}
  m_Enabled: 1
  m_EditorHideFlags: 0
  m_Script: {fileID: 11500000, guid: e1f6ef2c4af2bd74e92a56f0b2bc0403, type: 3}
  m_Name: 
  m_EditorClassIdentifier: 
  _attackState: {fileID: 8247204283767396294}
  Animator: {fileID: 7806621724967398940}
  _delayBetweenShoots: 0.6
  _shootTime: 7
  Notifier: {fileID: 3382713164425692117}
--- !u!114 &753741561334973588
MonoBehaviour:
  m_ObjectHideFlags: 0
  m_CorrespondingSourceObject: {fileID: 0}
  m_PrefabInstance: {fileID: 0}
  m_PrefabAsset: {fileID: 0}
  m_GameObject: {fileID: 1021820995809723435}
  m_Enabled: 1
  m_EditorHideFlags: 0
  m_Script: {fileID: 11500000, guid: 6ff7c6a0b2c042bda3aa7d0e7a445445, type: 3}
  m_Name: 
  m_EditorClassIdentifier: 
  Animator: {fileID: 7806621724967398940}
--- !u!114 &7056985083370676739
MonoBehaviour:
  m_ObjectHideFlags: 0
  m_CorrespondingSourceObject: {fileID: 0}
  m_PrefabInstance: {fileID: 0}
  m_PrefabAsset: {fileID: 0}
  m_GameObject: {fileID: 1021820995809723435}
  m_Enabled: 1
  m_EditorHideFlags: 0
  m_Script: {fileID: 11500000, guid: 68be8af951d54b1ca39ba24120ff9354, type: 3}
  m_Name: 
  m_EditorClassIdentifier: 
  _currentWeapon: {fileID: 5865724727299414345}
  _weaponAnimator: {fileID: 0}
  _characterAnimator: {fileID: 7806621724967398940}
--- !u!54 &1338743898087529542
Rigidbody:
  m_ObjectHideFlags: 0
  m_CorrespondingSourceObject: {fileID: 0}
  m_PrefabInstance: {fileID: 0}
  m_PrefabAsset: {fileID: 0}
  m_GameObject: {fileID: 1021820995809723435}
  serializedVersion: 2
  m_Mass: 1
  m_Drag: 1
  m_AngularDrag: 0.05
  m_UseGravity: 1
  m_IsKinematic: 0
  m_Interpolate: 0
  m_Constraints: 112
  m_CollisionDetection: 0
--- !u!195 &1338743897101398388
NavMeshAgent:
  m_ObjectHideFlags: 0
  m_CorrespondingSourceObject: {fileID: 0}
  m_PrefabInstance: {fileID: 0}
  m_PrefabAsset: {fileID: 0}
  m_GameObject: {fileID: 1021820995809723435}
  m_Enabled: 1
  m_AgentTypeID: 0
  m_Radius: 0.5
  m_Speed: 3.5
  m_Acceleration: 8
  avoidancePriority: 50
  m_AngularSpeed: 120
  m_StoppingDistance: 0
  m_AutoTraverseOffMeshLink: 1
  m_AutoBraking: 1
  m_AutoRepath: 1
  m_Height: 2
  m_BaseOffset: 1
  m_WalkableMask: 4294967295
  m_ObstacleAvoidanceType: 4
--- !u!114 &8247204283767396294
MonoBehaviour:
  m_ObjectHideFlags: 0
  m_CorrespondingSourceObject: {fileID: 0}
  m_PrefabInstance: {fileID: 0}
  m_PrefabAsset: {fileID: 0}
  m_GameObject: {fileID: 1021820995809723435}
  m_Enabled: 1
  m_EditorHideFlags: 0
  m_Script: {fileID: 11500000, guid: f3ef4cf51c3e480d9149168b38095975, type: 3}
  m_Name: 
  m_EditorClassIdentifier: 
  Animator: {fileID: 7806621724967398940}
--- !u!114 &7451888586202821438
MonoBehaviour:
  m_ObjectHideFlags: 0
  m_CorrespondingSourceObject: {fileID: 0}
  m_PrefabInstance: {fileID: 0}
  m_PrefabAsset: {fileID: 0}
  m_GameObject: {fileID: 1021820995809723435}
  m_Enabled: 1
  m_EditorHideFlags: 0
  m_Script: {fileID: 11500000, guid: abfa508491f67f0498bf1f3e72c79874, type: 3}
  m_Name: 
  m_EditorClassIdentifier: 
  hpBar: {fileID: 2109318482796777916}
--- !u!1 &1190528585434648325
GameObject:
  m_ObjectHideFlags: 0
  m_CorrespondingSourceObject: {fileID: 0}
  m_PrefabInstance: {fileID: 0}
  m_PrefabAsset: {fileID: 0}
  serializedVersion: 6
  m_Component:
  - component: {fileID: 2802003847308322175}
  - component: {fileID: 8941626182103495715}
  m_Layer: 8
  m_Name: Tier2
  m_TagString: Untagged
  m_Icon: {fileID: 0}
  m_NavMeshLayer: 0
  m_StaticEditorFlags: 0
  m_IsActive: 0
--- !u!4 &2802003847308322175
Transform:
  m_ObjectHideFlags: 0
  m_CorrespondingSourceObject: {fileID: 0}
  m_PrefabInstance: {fileID: 0}
  m_PrefabAsset: {fileID: 0}
  m_GameObject: {fileID: 1190528585434648325}
  m_LocalRotation: {x: 0, y: 0, z: 0, w: 1}
  m_LocalPosition: {x: 0, y: 0, z: 0}
  m_LocalScale: {x: 1, y: 1, z: 1}
  m_Children: []
  m_Father: {fileID: 7265473230501220974}
  m_RootOrder: 1
  m_LocalEulerAnglesHint: {x: 0, y: 0, z: 0}
--- !u!212 &8941626182103495715
SpriteRenderer:
  m_ObjectHideFlags: 0
  m_CorrespondingSourceObject: {fileID: 0}
  m_PrefabInstance: {fileID: 0}
  m_PrefabAsset: {fileID: 0}
  m_GameObject: {fileID: 1190528585434648325}
  m_Enabled: 1
  m_CastShadows: 0
  m_ReceiveShadows: 0
  m_DynamicOccludee: 1
  m_MotionVectors: 1
  m_LightProbeUsage: 1
  m_ReflectionProbeUsage: 1
  m_RenderingLayerMask: 1
  m_RendererPriority: 0
  m_Materials:
  - {fileID: 10754, guid: 0000000000000000f000000000000000, type: 0}
  m_StaticBatchInfo:
    firstSubMesh: 0
    subMeshCount: 0
  m_StaticBatchRoot: {fileID: 0}
  m_ProbeAnchor: {fileID: 0}
  m_LightProbeVolumeOverride: {fileID: 0}
  m_ScaleInLightmap: 1
  m_ReceiveGI: 1
  m_PreserveUVs: 0
  m_IgnoreNormalsForChartDetection: 0
  m_ImportantGI: 0
  m_StitchLightmapSeams: 1
  m_SelectedEditorRenderState: 0
  m_MinimumChartSize: 4
  m_AutoUVMaxDistance: 0.5
  m_AutoUVMaxAngle: 89
  m_LightmapParameters: {fileID: 0}
  m_SortingLayerID: 0
  m_SortingLayer: 0
  m_SortingOrder: 0
  m_Sprite: {fileID: 21300000, guid: 0d8726ce5cc985f488017aa3e69f6f1e, type: 3}
  m_Color: {r: 1, g: 1, b: 1, a: 1}
  m_FlipX: 0
  m_FlipY: 0
  m_DrawMode: 0
  m_Size: {x: 0.69, y: 0.7}
  m_AdaptiveModeThreshold: 0.5
  m_SpriteTileMode: 0
  m_WasSpriteAssigned: 1
  m_MaskInteraction: 0
  m_SpriteSortPoint: 0
--- !u!1 &1259163986439834042
GameObject:
  m_ObjectHideFlags: 0
  m_CorrespondingSourceObject: {fileID: 0}
  m_PrefabInstance: {fileID: 0}
  m_PrefabAsset: {fileID: 0}
  serializedVersion: 6
  m_Component:
  - component: {fileID: 5150076308533414380}
  - component: {fileID: 1773332294734790595}
  m_Layer: 8
  m_Name: Tier1
  m_TagString: Untagged
  m_Icon: {fileID: 0}
  m_NavMeshLayer: 0
  m_StaticEditorFlags: 0
  m_IsActive: 0
--- !u!4 &5150076308533414380
Transform:
  m_ObjectHideFlags: 0
  m_CorrespondingSourceObject: {fileID: 0}
  m_PrefabInstance: {fileID: 0}
  m_PrefabAsset: {fileID: 0}
  m_GameObject: {fileID: 1259163986439834042}
  m_LocalRotation: {x: 0, y: 0, z: 0, w: 1}
  m_LocalPosition: {x: 0, y: 0, z: 0}
  m_LocalScale: {x: 1, y: 1, z: 1}
  m_Children: []
  m_Father: {fileID: 7265473230501220974}
  m_RootOrder: 0
  m_LocalEulerAnglesHint: {x: 0, y: 0, z: 0}
--- !u!212 &1773332294734790595
SpriteRenderer:
  m_ObjectHideFlags: 0
  m_CorrespondingSourceObject: {fileID: 0}
  m_PrefabInstance: {fileID: 0}
  m_PrefabAsset: {fileID: 0}
  m_GameObject: {fileID: 1259163986439834042}
  m_Enabled: 1
  m_CastShadows: 0
  m_ReceiveShadows: 0
  m_DynamicOccludee: 1
  m_MotionVectors: 1
  m_LightProbeUsage: 1
  m_ReflectionProbeUsage: 1
  m_RenderingLayerMask: 1
  m_RendererPriority: 0
  m_Materials:
  - {fileID: 10754, guid: 0000000000000000f000000000000000, type: 0}
  m_StaticBatchInfo:
    firstSubMesh: 0
    subMeshCount: 0
  m_StaticBatchRoot: {fileID: 0}
  m_ProbeAnchor: {fileID: 0}
  m_LightProbeVolumeOverride: {fileID: 0}
  m_ScaleInLightmap: 1
  m_ReceiveGI: 1
  m_PreserveUVs: 0
  m_IgnoreNormalsForChartDetection: 0
  m_ImportantGI: 0
  m_StitchLightmapSeams: 1
  m_SelectedEditorRenderState: 0
  m_MinimumChartSize: 4
  m_AutoUVMaxDistance: 0.5
  m_AutoUVMaxAngle: 89
  m_LightmapParameters: {fileID: 0}
  m_SortingLayerID: 0
  m_SortingLayer: 0
  m_SortingOrder: 0
  m_Sprite: {fileID: 21300000, guid: d5d2e7861e801484b9e5ade16fd08911, type: 3}
  m_Color: {r: 1, g: 1, b: 1, a: 1}
  m_FlipX: 0
  m_FlipY: 0
  m_DrawMode: 0
  m_Size: {x: 0.69, y: 0.7}
  m_AdaptiveModeThreshold: 0.5
  m_SpriteTileMode: 0
  m_WasSpriteAssigned: 1
  m_MaskInteraction: 0
  m_SpriteSortPoint: 0
--- !u!114 &8482410183682685530
MonoBehaviour:
  m_ObjectHideFlags: 0
  m_CorrespondingSourceObject: {fileID: 0}
  m_PrefabInstance: {fileID: 0}
  m_PrefabAsset: {fileID: 0}
  m_GameObject: {fileID: 3785252404526920053}
  m_Enabled: 1
  m_EditorHideFlags: 0
  m_Script: {fileID: 11500000, guid: b02a5ea6277aa4847bac5e8db8260910, type: 3}
  m_Name: 
  m_EditorClassIdentifier: 
  Attacker: {fileID: 7056985083370676739}
--- !u!114 &9126426455439590532
MonoBehaviour:
  m_ObjectHideFlags: 0
  m_CorrespondingSourceObject: {fileID: 0}
  m_PrefabInstance: {fileID: 0}
  m_PrefabAsset: {fileID: 0}
  m_GameObject: {fileID: 6999566689981388980}
  m_Enabled: 1
  m_EditorHideFlags: 0
  m_Script: {fileID: 11500000, guid: b02a5ea6277aa4847bac5e8db8260910, type: 3}
  m_Name: 
  m_EditorClassIdentifier: 
  Attacker: {fileID: 7056985083370676739}
--- !u!1 &8123424486967642393
GameObject:
  m_ObjectHideFlags: 0
  m_CorrespondingSourceObject: {fileID: 0}
  m_PrefabInstance: {fileID: 0}
  m_PrefabAsset: {fileID: 0}
  serializedVersion: 6
  m_Component:
  - component: {fileID: 7265473230501220974}
  - component: {fileID: 3382713164425692117}
  m_Layer: 8
  m_Name: Notifier
  m_TagString: Untagged
  m_Icon: {fileID: 0}
  m_NavMeshLayer: 0
  m_StaticEditorFlags: 0
  m_IsActive: 1
--- !u!4 &7265473230501220974
Transform:
  m_ObjectHideFlags: 0
  m_CorrespondingSourceObject: {fileID: 0}
  m_PrefabInstance: {fileID: 0}
  m_PrefabAsset: {fileID: 0}
  m_GameObject: {fileID: 8123424486967642393}
  m_LocalRotation: {x: -0, y: -0, z: -0, w: 1}
  m_LocalPosition: {x: 0.109, y: 1.709, z: 0.128}
  m_LocalScale: {x: 0.5, y: 0.5, z: 0.5}
  m_Children:
  - {fileID: 5150076308533414380}
  - {fileID: 2802003847308322175}
  - {fileID: 1404604573396844970}
  m_Father: {fileID: 1021820995809723439}
  m_RootOrder: 2
  m_LocalEulerAnglesHint: {x: 0, y: 0, z: 0}
--- !u!114 &3382713164425692117
MonoBehaviour:
  m_ObjectHideFlags: 0
  m_CorrespondingSourceObject: {fileID: 0}
  m_PrefabInstance: {fileID: 0}
  m_PrefabAsset: {fileID: 0}
  m_GameObject: {fileID: 8123424486967642393}
  m_Enabled: 1
  m_EditorHideFlags: 0
  m_Script: {fileID: 11500000, guid: 667500957d1fd3e418dc3fb590d9a521, type: 3}
  m_Name: 
  m_EditorClassIdentifier: 
  _spriteTier1: {fileID: 1773332294734790595}
  _spriteTier2: {fileID: 8941626182103495715}
  _spriteTier3: {fileID: 634417870328658613}
  _showTime: 1
--- !u!1 &8291916010563442829
GameObject:
  m_ObjectHideFlags: 0
  m_CorrespondingSourceObject: {fileID: 0}
  m_PrefabInstance: {fileID: 0}
  m_PrefabAsset: {fileID: 0}
  serializedVersion: 6
  m_Component:
  - component: {fileID: 1404604573396844970}
  - component: {fileID: 634417870328658613}
  m_Layer: 8
  m_Name: Tier3
  m_TagString: Untagged
  m_Icon: {fileID: 0}
  m_NavMeshLayer: 0
  m_StaticEditorFlags: 0
  m_IsActive: 0
--- !u!4 &1404604573396844970
Transform:
  m_ObjectHideFlags: 0
  m_CorrespondingSourceObject: {fileID: 0}
  m_PrefabInstance: {fileID: 0}
  m_PrefabAsset: {fileID: 0}
  m_GameObject: {fileID: 8291916010563442829}
  m_LocalRotation: {x: 0, y: 0, z: 0, w: 1}
  m_LocalPosition: {x: 0, y: 0, z: 0}
  m_LocalScale: {x: 1, y: 1, z: 1}
  m_Children: []
  m_Father: {fileID: 7265473230501220974}
  m_RootOrder: 2
  m_LocalEulerAnglesHint: {x: 0, y: 0, z: 0}
--- !u!212 &634417870328658613
SpriteRenderer:
  m_ObjectHideFlags: 0
  m_CorrespondingSourceObject: {fileID: 0}
  m_PrefabInstance: {fileID: 0}
  m_PrefabAsset: {fileID: 0}
  m_GameObject: {fileID: 8291916010563442829}
  m_Enabled: 1
  m_CastShadows: 0
  m_ReceiveShadows: 0
  m_DynamicOccludee: 1
  m_MotionVectors: 1
  m_LightProbeUsage: 1
  m_ReflectionProbeUsage: 1
  m_RenderingLayerMask: 1
  m_RendererPriority: 0
  m_Materials:
  - {fileID: 10754, guid: 0000000000000000f000000000000000, type: 0}
  m_StaticBatchInfo:
    firstSubMesh: 0
    subMeshCount: 0
  m_StaticBatchRoot: {fileID: 0}
  m_ProbeAnchor: {fileID: 0}
  m_LightProbeVolumeOverride: {fileID: 0}
  m_ScaleInLightmap: 1
  m_ReceiveGI: 1
  m_PreserveUVs: 0
  m_IgnoreNormalsForChartDetection: 0
  m_ImportantGI: 0
  m_StitchLightmapSeams: 1
  m_SelectedEditorRenderState: 0
  m_MinimumChartSize: 4
  m_AutoUVMaxDistance: 0.5
  m_AutoUVMaxAngle: 89
  m_LightmapParameters: {fileID: 0}
  m_SortingLayerID: 0
  m_SortingLayer: 0
  m_SortingOrder: 0
  m_Sprite: {fileID: 21300000, guid: 82612eb0755e41e4aaf126b4270cd344, type: 3}
  m_Color: {r: 1, g: 1, b: 1, a: 1}
  m_FlipX: 0
  m_FlipY: 0
  m_DrawMode: 0
  m_Size: {x: 0.69, y: 0.7}
  m_AdaptiveModeThreshold: 0.5
  m_SpriteTileMode: 0
  m_WasSpriteAssigned: 1
  m_MaskInteraction: 0
  m_SpriteSortPoint: 0
--- !u!1 &9011869694996430006
GameObject:
  m_ObjectHideFlags: 0
  m_CorrespondingSourceObject: {fileID: 0}
  m_PrefabInstance: {fileID: 0}
  m_PrefabAsset: {fileID: 0}
  serializedVersion: 6
  m_Component:
  - component: {fileID: 3076688032169466851}
  m_Layer: 0
  m_Name: GameObject
  m_TagString: Untagged
  m_Icon: {fileID: 0}
  m_NavMeshLayer: 0
  m_StaticEditorFlags: 0
  m_IsActive: 1
--- !u!4 &3076688032169466851
Transform:
  m_ObjectHideFlags: 0
  m_CorrespondingSourceObject: {fileID: 0}
  m_PrefabInstance: {fileID: 0}
  m_PrefabAsset: {fileID: 0}
  m_GameObject: {fileID: 9011869694996430006}
  m_LocalRotation: {x: 0, y: 0, z: 0, w: 1}
  m_LocalPosition: {x: 0, y: 0.045, z: -0.087}
  m_LocalScale: {x: 1, y: 1, z: 1}
  m_Children:
  - {fileID: 4183406556319621773}
  m_Father: {fileID: 1417654099245175537}
  m_RootOrder: 1
  m_LocalEulerAnglesHint: {x: 0, y: 0, z: 0}
--- !u!1 &9116580341186465862
GameObject:
  m_ObjectHideFlags: 0
  m_CorrespondingSourceObject: {fileID: 0}
  m_PrefabInstance: {fileID: 0}
  m_PrefabAsset: {fileID: 0}
  serializedVersion: 6
  m_Component:
  - component: {fileID: 3991005006881496282}
  m_Layer: 0
  m_Name: GameObject
  m_TagString: Untagged
  m_Icon: {fileID: 0}
  m_NavMeshLayer: 0
  m_StaticEditorFlags: 0
  m_IsActive: 1
--- !u!4 &3991005006881496282
Transform:
  m_ObjectHideFlags: 0
  m_CorrespondingSourceObject: {fileID: 0}
  m_PrefabInstance: {fileID: 0}
  m_PrefabAsset: {fileID: 0}
  m_GameObject: {fileID: 9116580341186465862}
  m_LocalRotation: {x: 0, y: 0, z: 0, w: 1}
  m_LocalPosition: {x: 0, y: 0, z: 0}
  m_LocalScale: {x: 1, y: 1, z: 1}
  m_Children: []
  m_Father: {fileID: 5046313294283471664}
  m_RootOrder: 2
  m_LocalEulerAnglesHint: {x: 0, y: 0, z: 0}
--- !u!1001 &1297768726236496317
PrefabInstance:
  m_ObjectHideFlags: 0
  serializedVersion: 2
  m_Modification:
    m_TransformParent: {fileID: 1021820995809723439}
    m_Modifications:
    - target: {fileID: -927199367670048503, guid: 63aba2747a3d4074c88a2477001679b8,
        type: 3}
      propertyPath: m_Name
      value: enemy_rifle_attack
      objectReference: {fileID: 0}
    - target: {fileID: -927199367670048503, guid: 63aba2747a3d4074c88a2477001679b8,
        type: 3}
      propertyPath: m_IsActive
      value: 0
      objectReference: {fileID: 0}
    - target: {fileID: -6057140222963153312, guid: 63aba2747a3d4074c88a2477001679b8,
        type: 3}
      propertyPath: m_Controller
      value: 
      objectReference: {fileID: 9100000, guid: b7884a930e2fa494b92e9a43d4150d91, type: 2}
    - target: {fileID: -6057140222963153312, guid: 63aba2747a3d4074c88a2477001679b8,
        type: 3}
      propertyPath: m_ApplyRootMotion
      value: 0
      objectReference: {fileID: 0}
    - target: {fileID: -4216859302048453862, guid: 63aba2747a3d4074c88a2477001679b8,
        type: 3}
      propertyPath: m_LocalPosition.x
      value: 0
      objectReference: {fileID: 0}
    - target: {fileID: -4216859302048453862, guid: 63aba2747a3d4074c88a2477001679b8,
        type: 3}
      propertyPath: m_LocalPosition.y
      value: -0.816
      objectReference: {fileID: 0}
    - target: {fileID: -4216859302048453862, guid: 63aba2747a3d4074c88a2477001679b8,
        type: 3}
      propertyPath: m_LocalPosition.z
      value: 0
      objectReference: {fileID: 0}
    - target: {fileID: -4216859302048453862, guid: 63aba2747a3d4074c88a2477001679b8,
        type: 3}
      propertyPath: m_LocalRotation.x
      value: 0
      objectReference: {fileID: 0}
    - target: {fileID: -4216859302048453862, guid: 63aba2747a3d4074c88a2477001679b8,
        type: 3}
      propertyPath: m_LocalRotation.y
      value: 0
      objectReference: {fileID: 0}
    - target: {fileID: -4216859302048453862, guid: 63aba2747a3d4074c88a2477001679b8,
        type: 3}
      propertyPath: m_LocalRotation.z
      value: 0
      objectReference: {fileID: 0}
    - target: {fileID: -4216859302048453862, guid: 63aba2747a3d4074c88a2477001679b8,
        type: 3}
      propertyPath: m_LocalRotation.w
      value: 1
      objectReference: {fileID: 0}
    - target: {fileID: -4216859302048453862, guid: 63aba2747a3d4074c88a2477001679b8,
        type: 3}
      propertyPath: m_RootOrder
      value: 0
      objectReference: {fileID: 0}
    - target: {fileID: -4216859302048453862, guid: 63aba2747a3d4074c88a2477001679b8,
        type: 3}
      propertyPath: m_LocalEulerAnglesHint.x
      value: 0
      objectReference: {fileID: 0}
    - target: {fileID: -4216859302048453862, guid: 63aba2747a3d4074c88a2477001679b8,
        type: 3}
      propertyPath: m_LocalEulerAnglesHint.y
      value: 0
      objectReference: {fileID: 0}
    - target: {fileID: -4216859302048453862, guid: 63aba2747a3d4074c88a2477001679b8,
        type: 3}
      propertyPath: m_LocalEulerAnglesHint.z
      value: 0
      objectReference: {fileID: 0}
    m_RemovedComponents: []
  m_SourcePrefab: {fileID: 100100000, guid: 63aba2747a3d4074c88a2477001679b8, type: 3}
--- !u!1 &6999566689981388980 stripped
GameObject:
  m_CorrespondingSourceObject: {fileID: -927199367670048503, guid: 63aba2747a3d4074c88a2477001679b8,
    type: 3}
  m_PrefabInstance: {fileID: 1297768726236496317}
  m_PrefabAsset: {fileID: 0}
--- !u!4 &4705621411676777924 stripped
Transform:
  m_CorrespondingSourceObject: {fileID: -3220319501169496967, guid: 63aba2747a3d4074c88a2477001679b8,
    type: 3}
  m_PrefabInstance: {fileID: 1297768726236496317}
  m_PrefabAsset: {fileID: 0}
--- !u!4 &4287167794662968400 stripped
Transform:
  m_CorrespondingSourceObject: {fileID: 2989701457832414701, guid: 63aba2747a3d4074c88a2477001679b8,
    type: 3}
  m_PrefabInstance: {fileID: 1297768726236496317}
  m_PrefabAsset: {fileID: 0}
--- !u!4 &5046313294283471664 stripped
Transform:
  m_CorrespondingSourceObject: {fileID: -3167575404677891443, guid: 63aba2747a3d4074c88a2477001679b8,
    type: 3}
  m_PrefabInstance: {fileID: 1297768726236496317}
  m_PrefabAsset: {fileID: 0}
--- !u!95 &4175451245223151581 stripped
Animator:
  m_CorrespondingSourceObject: {fileID: -6057140222963153312, guid: 63aba2747a3d4074c88a2477001679b8,
    type: 3}
  m_PrefabInstance: {fileID: 1297768726236496317}
  m_PrefabAsset: {fileID: 0}
--- !u!4 &6302837196632730279 stripped
Transform:
  m_CorrespondingSourceObject: {fileID: -4216859302048453862, guid: 63aba2747a3d4074c88a2477001679b8,
    type: 3}
  m_PrefabInstance: {fileID: 1297768726236496317}
  m_PrefabAsset: {fileID: 0}
--- !u!1001 &4760206685856100757
PrefabInstance:
  m_ObjectHideFlags: 0
  serializedVersion: 2
  m_Modification:
    m_TransformParent: {fileID: 7988131973872477585}
    m_Modifications:
    - target: {fileID: -927199367670048503, guid: 13dceb28ae8672e49ae701fe38fa2fa5,
        type: 3}
      propertyPath: m_Name
      value: enemy_hat
      objectReference: {fileID: 0}
    - target: {fileID: -4216859302048453862, guid: 13dceb28ae8672e49ae701fe38fa2fa5,
        type: 3}
      propertyPath: m_LocalPosition.x
      value: 0.014
      objectReference: {fileID: 0}
    - target: {fileID: -4216859302048453862, guid: 13dceb28ae8672e49ae701fe38fa2fa5,
        type: 3}
      propertyPath: m_LocalPosition.y
      value: 0.248
      objectReference: {fileID: 0}
    - target: {fileID: -4216859302048453862, guid: 13dceb28ae8672e49ae701fe38fa2fa5,
        type: 3}
      propertyPath: m_LocalPosition.z
      value: -0.003
      objectReference: {fileID: 0}
    - target: {fileID: -4216859302048453862, guid: 13dceb28ae8672e49ae701fe38fa2fa5,
        type: 3}
      propertyPath: m_LocalRotation.x
      value: -0.7788149
      objectReference: {fileID: 0}
    - target: {fileID: -4216859302048453862, guid: 13dceb28ae8672e49ae701fe38fa2fa5,
        type: 3}
      propertyPath: m_LocalRotation.y
      value: -0.015306849
      objectReference: {fileID: 0}
    - target: {fileID: -4216859302048453862, guid: 13dceb28ae8672e49ae701fe38fa2fa5,
        type: 3}
      propertyPath: m_LocalRotation.z
      value: 0.044306435
      objectReference: {fileID: 0}
    - target: {fileID: -4216859302048453862, guid: 13dceb28ae8672e49ae701fe38fa2fa5,
        type: 3}
      propertyPath: m_LocalRotation.w
      value: 0.62549984
      objectReference: {fileID: 0}
    - target: {fileID: -4216859302048453862, guid: 13dceb28ae8672e49ae701fe38fa2fa5,
        type: 3}
      propertyPath: m_RootOrder
      value: 1
      objectReference: {fileID: 0}
    - target: {fileID: -4216859302048453862, guid: 13dceb28ae8672e49ae701fe38fa2fa5,
        type: 3}
      propertyPath: m_LocalEulerAnglesHint.x
      value: 0
      objectReference: {fileID: 0}
    - target: {fileID: -4216859302048453862, guid: 13dceb28ae8672e49ae701fe38fa2fa5,
        type: 3}
      propertyPath: m_LocalEulerAnglesHint.y
      value: 0
      objectReference: {fileID: 0}
    - target: {fileID: -4216859302048453862, guid: 13dceb28ae8672e49ae701fe38fa2fa5,
        type: 3}
      propertyPath: m_LocalEulerAnglesHint.z
      value: 0
      objectReference: {fileID: 0}
    - target: {fileID: -4216859302048453862, guid: 13dceb28ae8672e49ae701fe38fa2fa5,
        type: 3}
      propertyPath: m_LocalScale.x
      value: 99.999985
      objectReference: {fileID: 0}
    - target: {fileID: -4216859302048453862, guid: 13dceb28ae8672e49ae701fe38fa2fa5,
        type: 3}
      propertyPath: m_LocalScale.y
      value: 100.000046
      objectReference: {fileID: 0}
    - target: {fileID: -4216859302048453862, guid: 13dceb28ae8672e49ae701fe38fa2fa5,
        type: 3}
      propertyPath: m_LocalScale.z
      value: 100.00005
      objectReference: {fileID: 0}
    m_RemovedComponents: []
  m_SourcePrefab: {fileID: 100100000, guid: 13dceb28ae8672e49ae701fe38fa2fa5, type: 3}
--- !u!1001 &4902001362748851157
PrefabInstance:
  m_ObjectHideFlags: 0
  serializedVersion: 2
  m_Modification:
    m_TransformParent: {fileID: 5046313294283471664}
    m_Modifications:
    - target: {fileID: -927199367670048503, guid: ed7ab037422280d49922a61d1904c038,
        type: 3}
      propertyPath: m_Name
      value: enemy_coat
      objectReference: {fileID: 0}
    - target: {fileID: -4216859302048453862, guid: ed7ab037422280d49922a61d1904c038,
        type: 3}
      propertyPath: m_LocalPosition.x
      value: 0.24
      objectReference: {fileID: 0}
    - target: {fileID: -4216859302048453862, guid: ed7ab037422280d49922a61d1904c038,
        type: 3}
      propertyPath: m_LocalPosition.y
      value: -1.392
      objectReference: {fileID: 0}
    - target: {fileID: -4216859302048453862, guid: ed7ab037422280d49922a61d1904c038,
        type: 3}
      propertyPath: m_LocalPosition.z
      value: 0.567
      objectReference: {fileID: 0}
    - target: {fileID: -4216859302048453862, guid: ed7ab037422280d49922a61d1904c038,
        type: 3}
      propertyPath: m_LocalRotation.x
      value: -0.7630641
      objectReference: {fileID: 0}
    - target: {fileID: -4216859302048453862, guid: ed7ab037422280d49922a61d1904c038,
        type: 3}
      propertyPath: m_LocalRotation.y
      value: -0.35056186
      objectReference: {fileID: 0}
    - target: {fileID: -4216859302048453862, guid: ed7ab037422280d49922a61d1904c038,
        type: 3}
      propertyPath: m_LocalRotation.z
      value: -0.1596816
      objectReference: {fileID: 0}
    - target: {fileID: -4216859302048453862, guid: ed7ab037422280d49922a61d1904c038,
        type: 3}
      propertyPath: m_LocalRotation.w
      value: 0.51898116
      objectReference: {fileID: 0}
    - target: {fileID: -4216859302048453862, guid: ed7ab037422280d49922a61d1904c038,
        type: 3}
      propertyPath: m_RootOrder
      value: 1
      objectReference: {fileID: 0}
    - target: {fileID: -4216859302048453862, guid: ed7ab037422280d49922a61d1904c038,
        type: 3}
      propertyPath: m_LocalEulerAnglesHint.x
      value: 0
      objectReference: {fileID: 0}
    - target: {fileID: -4216859302048453862, guid: ed7ab037422280d49922a61d1904c038,
        type: 3}
      propertyPath: m_LocalEulerAnglesHint.y
      value: 0
      objectReference: {fileID: 0}
    - target: {fileID: -4216859302048453862, guid: ed7ab037422280d49922a61d1904c038,
        type: 3}
      propertyPath: m_LocalEulerAnglesHint.z
      value: 0
      objectReference: {fileID: 0}
    - target: {fileID: -4216859302048453862, guid: ed7ab037422280d49922a61d1904c038,
        type: 3}
      propertyPath: m_LocalScale.y
      value: 99.999985
      objectReference: {fileID: 0}
    - target: {fileID: -4216859302048453862, guid: ed7ab037422280d49922a61d1904c038,
        type: 3}
      propertyPath: m_LocalScale.z
      value: 99.999985
      objectReference: {fileID: 0}
    m_RemovedComponents: []
  m_SourcePrefab: {fileID: 100100000, guid: ed7ab037422280d49922a61d1904c038, type: 3}
--- !u!1001 &5162820722221541500
PrefabInstance:
  m_ObjectHideFlags: 0
  serializedVersion: 2
  m_Modification:
    m_TransformParent: {fileID: 1021820995809723439}
    m_Modifications:
    - target: {fileID: -927199367670048503, guid: d96114b088319404a81992f6e834d908,
        type: 3}
      propertyPath: m_Name
      value: enemy_mele_run
      objectReference: {fileID: 0}
    - target: {fileID: -6057140222963153312, guid: d96114b088319404a81992f6e834d908,
        type: 3}
      propertyPath: m_Controller
      value: 
      objectReference: {fileID: 9100000, guid: b7884a930e2fa494b92e9a43d4150d91, type: 2}
    - target: {fileID: -6057140222963153312, guid: d96114b088319404a81992f6e834d908,
        type: 3}
      propertyPath: m_ApplyRootMotion
      value: 0
      objectReference: {fileID: 0}
    - target: {fileID: -4216859302048453862, guid: d96114b088319404a81992f6e834d908,
        type: 3}
      propertyPath: m_LocalPosition.x
      value: 0
      objectReference: {fileID: 0}
    - target: {fileID: -4216859302048453862, guid: d96114b088319404a81992f6e834d908,
        type: 3}
      propertyPath: m_LocalPosition.y
      value: -0.878
      objectReference: {fileID: 0}
    - target: {fileID: -4216859302048453862, guid: d96114b088319404a81992f6e834d908,
        type: 3}
      propertyPath: m_LocalPosition.z
      value: 0
      objectReference: {fileID: 0}
    - target: {fileID: -4216859302048453862, guid: d96114b088319404a81992f6e834d908,
        type: 3}
      propertyPath: m_LocalRotation.x
      value: 0
      objectReference: {fileID: 0}
    - target: {fileID: -4216859302048453862, guid: d96114b088319404a81992f6e834d908,
        type: 3}
      propertyPath: m_LocalRotation.y
      value: 0
      objectReference: {fileID: 0}
    - target: {fileID: -4216859302048453862, guid: d96114b088319404a81992f6e834d908,
        type: 3}
      propertyPath: m_LocalRotation.z
      value: 0
      objectReference: {fileID: 0}
    - target: {fileID: -4216859302048453862, guid: d96114b088319404a81992f6e834d908,
        type: 3}
      propertyPath: m_LocalRotation.w
      value: 1
      objectReference: {fileID: 0}
    - target: {fileID: -4216859302048453862, guid: d96114b088319404a81992f6e834d908,
        type: 3}
      propertyPath: m_RootOrder
      value: 1
      objectReference: {fileID: 0}
    - target: {fileID: -4216859302048453862, guid: d96114b088319404a81992f6e834d908,
        type: 3}
      propertyPath: m_LocalEulerAnglesHint.x
      value: 0
      objectReference: {fileID: 0}
    - target: {fileID: -4216859302048453862, guid: d96114b088319404a81992f6e834d908,
        type: 3}
      propertyPath: m_LocalEulerAnglesHint.y
      value: 0
      objectReference: {fileID: 0}
    - target: {fileID: -4216859302048453862, guid: d96114b088319404a81992f6e834d908,
        type: 3}
      propertyPath: m_LocalEulerAnglesHint.z
      value: 0
      objectReference: {fileID: 0}
    m_RemovedComponents: []
  m_SourcePrefab: {fileID: 100100000, guid: d96114b088319404a81992f6e834d908, type: 3}
--- !u!4 &2386727021245215641 stripped
Transform:
  m_CorrespondingSourceObject: {fileID: 7402050280959761381, guid: d96114b088319404a81992f6e834d908,
    type: 3}
  m_PrefabInstance: {fileID: 5162820722221541500}
  m_PrefabAsset: {fileID: 0}
--- !u!4 &7988131973872477585 stripped
Transform:
  m_CorrespondingSourceObject: {fileID: 2989701457832414701, guid: d96114b088319404a81992f6e834d908,
    type: 3}
  m_PrefabInstance: {fileID: 5162820722221541500}
  m_PrefabAsset: {fileID: 0}
--- !u!4 &1417654099245175537 stripped
Transform:
  m_CorrespondingSourceObject: {fileID: -3167575404677891443, guid: d96114b088319404a81992f6e834d908,
    type: 3}
  m_PrefabInstance: {fileID: 5162820722221541500}
  m_PrefabAsset: {fileID: 0}
--- !u!95 &7806621724967398940 stripped
Animator:
  m_CorrespondingSourceObject: {fileID: -6057140222963153312, guid: d96114b088319404a81992f6e834d908,
    type: 3}
  m_PrefabInstance: {fileID: 5162820722221541500}
  m_PrefabAsset: {fileID: 0}
--- !u!4 &206236329415263078 stripped
Transform:
  m_CorrespondingSourceObject: {fileID: -4216859302048453862, guid: d96114b088319404a81992f6e834d908,
    type: 3}
  m_PrefabInstance: {fileID: 5162820722221541500}
  m_PrefabAsset: {fileID: 0}
--- !u!1 &3785252404526920053 stripped
GameObject:
  m_CorrespondingSourceObject: {fileID: -927199367670048503, guid: d96114b088319404a81992f6e834d908,
    type: 3}
  m_PrefabInstance: {fileID: 5162820722221541500}
  m_PrefabAsset: {fileID: 0}
--- !u!1001 &5739868772654009550
PrefabInstance:
  m_ObjectHideFlags: 0
  serializedVersion: 2
  m_Modification:
    m_TransformParent: {fileID: 4287167794662968400}
    m_Modifications:
    - target: {fileID: -927199367670048503, guid: 13dceb28ae8672e49ae701fe38fa2fa5,
        type: 3}
      propertyPath: m_Name
      value: enemy_hat
      objectReference: {fileID: 0}
    - target: {fileID: -4216859302048453862, guid: 13dceb28ae8672e49ae701fe38fa2fa5,
        type: 3}
      propertyPath: m_LocalPosition.x
      value: -0.014
      objectReference: {fileID: 0}
    - target: {fileID: -4216859302048453862, guid: 13dceb28ae8672e49ae701fe38fa2fa5,
        type: 3}
      propertyPath: m_LocalPosition.y
      value: 0.22
      objectReference: {fileID: 0}
    - target: {fileID: -4216859302048453862, guid: 13dceb28ae8672e49ae701fe38fa2fa5,
        type: 3}
      propertyPath: m_LocalPosition.z
      value: -0.042
      objectReference: {fileID: 0}
    - target: {fileID: -4216859302048453862, guid: 13dceb28ae8672e49ae701fe38fa2fa5,
        type: 3}
      propertyPath: m_LocalRotation.x
      value: -0.87735325
      objectReference: {fileID: 0}
    - target: {fileID: -4216859302048453862, guid: 13dceb28ae8672e49ae701fe38fa2fa5,
        type: 3}
      propertyPath: m_LocalRotation.y
      value: -0.1310937
      objectReference: {fileID: 0}
    - target: {fileID: -4216859302048453862, guid: 13dceb28ae8672e49ae701fe38fa2fa5,
        type: 3}
      propertyPath: m_LocalRotation.z
      value: 0.034564935
      objectReference: {fileID: 0}
    - target: {fileID: -4216859302048453862, guid: 13dceb28ae8672e49ae701fe38fa2fa5,
        type: 3}
      propertyPath: m_LocalRotation.w
      value: 0.4602944
      objectReference: {fileID: 0}
    - target: {fileID: -4216859302048453862, guid: 13dceb28ae8672e49ae701fe38fa2fa5,
        type: 3}
      propertyPath: m_RootOrder
      value: 1
      objectReference: {fileID: 0}
    - target: {fileID: -4216859302048453862, guid: 13dceb28ae8672e49ae701fe38fa2fa5,
        type: 3}
      propertyPath: m_LocalEulerAnglesHint.x
      value: 0
      objectReference: {fileID: 0}
    - target: {fileID: -4216859302048453862, guid: 13dceb28ae8672e49ae701fe38fa2fa5,
        type: 3}
      propertyPath: m_LocalEulerAnglesHint.y
      value: 0
      objectReference: {fileID: 0}
    - target: {fileID: -4216859302048453862, guid: 13dceb28ae8672e49ae701fe38fa2fa5,
        type: 3}
      propertyPath: m_LocalEulerAnglesHint.z
      value: 0
      objectReference: {fileID: 0}
    - target: {fileID: -4216859302048453862, guid: 13dceb28ae8672e49ae701fe38fa2fa5,
        type: 3}
      propertyPath: m_LocalScale.y
      value: 100
      objectReference: {fileID: 0}
    - target: {fileID: -4216859302048453862, guid: 13dceb28ae8672e49ae701fe38fa2fa5,
        type: 3}
      propertyPath: m_LocalScale.z
      value: 99.99997
      objectReference: {fileID: 0}
    - target: {fileID: -4216859302048453862, guid: 13dceb28ae8672e49ae701fe38fa2fa5,
        type: 3}
      propertyPath: m_LocalScale.x
      value: 99.99998
      objectReference: {fileID: 0}
    m_RemovedComponents: []
  m_SourcePrefab: {fileID: 100100000, guid: 13dceb28ae8672e49ae701fe38fa2fa5, type: 3}
--- !u!1001 &5937599175216153702
PrefabInstance:
  m_ObjectHideFlags: 0
  serializedVersion: 2
  m_Modification:
    m_TransformParent: {fileID: 4705621411676777924}
    m_Modifications:
    - target: {fileID: 849351562516072566, guid: 857a0124cbc5dc3489edd04f0382a520,
        type: 3}
      propertyPath: _weaponAnimator
      value: 
      objectReference: {fileID: 0}
    - target: {fileID: 849351562516072566, guid: 857a0124cbc5dc3489edd04f0382a520,
        type: 3}
      propertyPath: _characterAnimator
      value: 
      objectReference: {fileID: 4175451245223151581}
    - target: {fileID: 849351562516072565, guid: 857a0124cbc5dc3489edd04f0382a520,
        type: 3}
      propertyPath: m_Name
      value: BowWeapon
      objectReference: {fileID: 0}
    - target: {fileID: 849351562516072565, guid: 857a0124cbc5dc3489edd04f0382a520,
        type: 3}
      propertyPath: m_IsActive
      value: 0
      objectReference: {fileID: 0}
    - target: {fileID: 849351562516072564, guid: 857a0124cbc5dc3489edd04f0382a520,
        type: 3}
      propertyPath: m_LocalPosition.x
      value: -0.033
      objectReference: {fileID: 0}
    - target: {fileID: 849351562516072564, guid: 857a0124cbc5dc3489edd04f0382a520,
        type: 3}
      propertyPath: m_LocalPosition.y
      value: -0.018
      objectReference: {fileID: 0}
    - target: {fileID: 849351562516072564, guid: 857a0124cbc5dc3489edd04f0382a520,
        type: 3}
      propertyPath: m_LocalPosition.z
      value: 0.026
      objectReference: {fileID: 0}
    - target: {fileID: 849351562516072564, guid: 857a0124cbc5dc3489edd04f0382a520,
        type: 3}
      propertyPath: m_LocalRotation.x
      value: 0.48274365
      objectReference: {fileID: 0}
    - target: {fileID: 849351562516072564, guid: 857a0124cbc5dc3489edd04f0382a520,
        type: 3}
      propertyPath: m_LocalRotation.y
      value: -0.43258673
      objectReference: {fileID: 0}
    - target: {fileID: 849351562516072564, guid: 857a0124cbc5dc3489edd04f0382a520,
        type: 3}
      propertyPath: m_LocalRotation.z
      value: -0.060667112
      objectReference: {fileID: 0}
    - target: {fileID: 849351562516072564, guid: 857a0124cbc5dc3489edd04f0382a520,
        type: 3}
      propertyPath: m_LocalRotation.w
      value: -0.75904334
      objectReference: {fileID: 0}
    - target: {fileID: 849351562516072564, guid: 857a0124cbc5dc3489edd04f0382a520,
        type: 3}
      propertyPath: m_RootOrder
      value: 0
      objectReference: {fileID: 0}
    - target: {fileID: 849351562516072564, guid: 857a0124cbc5dc3489edd04f0382a520,
        type: 3}
      propertyPath: m_LocalEulerAnglesHint.x
      value: 0
      objectReference: {fileID: 0}
    - target: {fileID: 849351562516072564, guid: 857a0124cbc5dc3489edd04f0382a520,
        type: 3}
      propertyPath: m_LocalEulerAnglesHint.y
      value: 0
      objectReference: {fileID: 0}
    - target: {fileID: 849351562516072564, guid: 857a0124cbc5dc3489edd04f0382a520,
        type: 3}
      propertyPath: m_LocalEulerAnglesHint.z
      value: 0
      objectReference: {fileID: 0}
    m_RemovedComponents: []
  m_SourcePrefab: {fileID: 100100000, guid: 857a0124cbc5dc3489edd04f0382a520, type: 3}
--- !u!1001 &7617082880958650936
PrefabInstance:
  m_ObjectHideFlags: 0
  serializedVersion: 2
  m_Modification:
    m_TransformParent: {fileID: 2386727021245215641}
    m_Modifications:
    - target: {fileID: 3210565693953382872, guid: f8a2ea73f26b7934caf1d1af8ba4b424,
        type: 3}
      propertyPath: m_LocalPosition.x
      value: 0.0029203817
      objectReference: {fileID: 0}
    - target: {fileID: 3210565693953382872, guid: f8a2ea73f26b7934caf1d1af8ba4b424,
        type: 3}
      propertyPath: m_LocalPosition.y
      value: 0.35693386
      objectReference: {fileID: 0}
    - target: {fileID: 3210565693953382872, guid: f8a2ea73f26b7934caf1d1af8ba4b424,
        type: 3}
      propertyPath: m_LocalPosition.z
      value: 0.020775894
      objectReference: {fileID: 0}
    - target: {fileID: 3210565693953382872, guid: f8a2ea73f26b7934caf1d1af8ba4b424,
        type: 3}
      propertyPath: m_LocalRotation.x
      value: 0.16383955
      objectReference: {fileID: 0}
    - target: {fileID: 3210565693953382872, guid: f8a2ea73f26b7934caf1d1af8ba4b424,
        type: 3}
      propertyPath: m_LocalRotation.y
      value: -0.6424777
      objectReference: {fileID: 0}
    - target: {fileID: 3210565693953382872, guid: f8a2ea73f26b7934caf1d1af8ba4b424,
        type: 3}
      propertyPath: m_LocalRotation.z
      value: -0.7313425
      objectReference: {fileID: 0}
    - target: {fileID: 3210565693953382872, guid: f8a2ea73f26b7934caf1d1af8ba4b424,
        type: 3}
      propertyPath: m_LocalRotation.w
      value: 0.15974098
      objectReference: {fileID: 0}
    - target: {fileID: 3210565693953382872, guid: f8a2ea73f26b7934caf1d1af8ba4b424,
        type: 3}
      propertyPath: m_RootOrder
      value: 1
      objectReference: {fileID: 0}
    - target: {fileID: 3210565693953382872, guid: f8a2ea73f26b7934caf1d1af8ba4b424,
        type: 3}
      propertyPath: m_LocalEulerAnglesHint.x
      value: -62.548004
      objectReference: {fileID: 0}
    - target: {fileID: 3210565693953382872, guid: f8a2ea73f26b7934caf1d1af8ba4b424,
        type: 3}
      propertyPath: m_LocalEulerAnglesHint.y
      value: -74.814
      objectReference: {fileID: 0}
    - target: {fileID: 3210565693953382872, guid: f8a2ea73f26b7934caf1d1af8ba4b424,
        type: 3}
      propertyPath: m_LocalEulerAnglesHint.z
      value: 254.47299
      objectReference: {fileID: 0}
    - target: {fileID: 4094454901769749361, guid: f8a2ea73f26b7934caf1d1af8ba4b424,
        type: 3}
      propertyPath: _characterAnimator
      value: 
      objectReference: {fileID: 7806621724967398940}
    - target: {fileID: 3210565693953382873, guid: f8a2ea73f26b7934caf1d1af8ba4b424,
        type: 3}
      propertyPath: m_Name
      value: MeleeWeapon
      objectReference: {fileID: 0}
    - target: {fileID: 7599460074974089748, guid: f8a2ea73f26b7934caf1d1af8ba4b424,
        type: 3}
      propertyPath: m_Size.z
      value: 4.2290025
      objectReference: {fileID: 0}
    - target: {fileID: 7599460074974089748, guid: f8a2ea73f26b7934caf1d1af8ba4b424,
        type: 3}
      propertyPath: m_Center.x
      value: -0.5446843
      objectReference: {fileID: 0}
    - target: {fileID: 7599460074974089748, guid: f8a2ea73f26b7934caf1d1af8ba4b424,
        type: 3}
      propertyPath: m_Center.y
      value: 0.016666194
      objectReference: {fileID: 0}
    - target: {fileID: 7599460074974089748, guid: f8a2ea73f26b7934caf1d1af8ba4b424,
        type: 3}
      propertyPath: m_Center.z
      value: 1.946972
      objectReference: {fileID: 0}
    - target: {fileID: 7599460074974089748, guid: f8a2ea73f26b7934caf1d1af8ba4b424,
        type: 3}
      propertyPath: m_Size.x
      value: 1.1246581
      objectReference: {fileID: 0}
    m_RemovedComponents: []
  m_SourcePrefab: {fileID: 100100000, guid: f8a2ea73f26b7934caf1d1af8ba4b424, type: 3}
--- !u!114 &5865724727299414345 stripped
MonoBehaviour:
  m_CorrespondingSourceObject: {fileID: 4094454901769749361, guid: f8a2ea73f26b7934caf1d1af8ba4b424,
    type: 3}
  m_PrefabInstance: {fileID: 7617082880958650936}
  m_PrefabAsset: {fileID: 0}
  m_GameObject: {fileID: 0}
  m_Enabled: 1
  m_EditorHideFlags: 0
  m_Script: {fileID: 11500000, guid: 3dd311dd4ebc4f48bc25bcc33d15d7ce, type: 3}
  m_Name: 
  m_EditorClassIdentifier: 
--- !u!1001 &9054428790041437516
PrefabInstance:
  m_ObjectHideFlags: 0
  serializedVersion: 2
  m_Modification:
    m_TransformParent: {fileID: 1021820995809723439}
    m_Modifications:
    - target: {fileID: 6981150065188009199, guid: c310a8e4ee5bc0a4588ce49b399a2e92,
        type: 3}
      propertyPath: m_LocalPosition.x
      value: 0
      objectReference: {fileID: 0}
    - target: {fileID: 6981150065188009199, guid: c310a8e4ee5bc0a4588ce49b399a2e92,
        type: 3}
      propertyPath: m_LocalPosition.y
      value: 1
      objectReference: {fileID: 0}
    - target: {fileID: 6981150065188009199, guid: c310a8e4ee5bc0a4588ce49b399a2e92,
        type: 3}
      propertyPath: m_LocalPosition.z
      value: 0
      objectReference: {fileID: 0}
    - target: {fileID: 6981150065188009199, guid: c310a8e4ee5bc0a4588ce49b399a2e92,
        type: 3}
      propertyPath: m_LocalRotation.x
      value: 0
      objectReference: {fileID: 0}
    - target: {fileID: 6981150065188009199, guid: c310a8e4ee5bc0a4588ce49b399a2e92,
        type: 3}
      propertyPath: m_LocalRotation.y
      value: 0
      objectReference: {fileID: 0}
    - target: {fileID: 6981150065188009199, guid: c310a8e4ee5bc0a4588ce49b399a2e92,
        type: 3}
      propertyPath: m_LocalRotation.z
      value: 0
      objectReference: {fileID: 0}
    - target: {fileID: 6981150065188009199, guid: c310a8e4ee5bc0a4588ce49b399a2e92,
        type: 3}
      propertyPath: m_LocalRotation.w
      value: 1
      objectReference: {fileID: 0}
    - target: {fileID: 6981150065188009199, guid: c310a8e4ee5bc0a4588ce49b399a2e92,
        type: 3}
      propertyPath: m_RootOrder
      value: 3
      objectReference: {fileID: 0}
    - target: {fileID: 6981150065188009199, guid: c310a8e4ee5bc0a4588ce49b399a2e92,
        type: 3}
      propertyPath: m_LocalEulerAnglesHint.x
      value: 0
      objectReference: {fileID: 0}
    - target: {fileID: 6981150065188009199, guid: c310a8e4ee5bc0a4588ce49b399a2e92,
        type: 3}
      propertyPath: m_LocalEulerAnglesHint.y
      value: 0
      objectReference: {fileID: 0}
    - target: {fileID: 6981150065188009199, guid: c310a8e4ee5bc0a4588ce49b399a2e92,
        type: 3}
      propertyPath: m_LocalEulerAnglesHint.z
      value: 0
      objectReference: {fileID: 0}
    - target: {fileID: 6981150065188009198, guid: c310a8e4ee5bc0a4588ce49b399a2e92,
        type: 3}
      propertyPath: m_Name
      value: hpBarSprite
      objectReference: {fileID: 0}
    m_RemovedComponents: []
  m_SourcePrefab: {fileID: 100100000, guid: c310a8e4ee5bc0a4588ce49b399a2e92, type: 3}
--- !u!4 &2109318482796777891 stripped
Transform:
  m_CorrespondingSourceObject: {fileID: 6981150065188009199, guid: c310a8e4ee5bc0a4588ce49b399a2e92,
    type: 3}
  m_PrefabInstance: {fileID: 9054428790041437516}
  m_PrefabAsset: {fileID: 0}
--- !u!114 &2109318482796777916 stripped
MonoBehaviour:
  m_CorrespondingSourceObject: {fileID: 6981150065188009200, guid: c310a8e4ee5bc0a4588ce49b399a2e92,
    type: 3}
  m_PrefabInstance: {fileID: 9054428790041437516}
  m_PrefabAsset: {fileID: 0}
  m_GameObject: {fileID: 0}
  m_Enabled: 1
  m_EditorHideFlags: 0
  m_Script: {fileID: 11500000, guid: 21ea7ac226301c64ebafc98f0444ace4, type: 3}
  m_Name: 
  m_EditorClassIdentifier: 
--- !u!1001 &9184184169752758679
PrefabInstance:
  m_ObjectHideFlags: 0
  serializedVersion: 2
  m_Modification:
    m_TransformParent: {fileID: 3076688032169466851}
    m_Modifications:
    - target: {fileID: -927199367670048503, guid: ed7ab037422280d49922a61d1904c038,
        type: 3}
      propertyPath: m_Name
      value: enemy_coat
      objectReference: {fileID: 0}
    - target: {fileID: -4216859302048453862, guid: ed7ab037422280d49922a61d1904c038,
        type: 3}
      propertyPath: m_LocalPosition.x
      value: 0.063
      objectReference: {fileID: 0}
    - target: {fileID: -4216859302048453862, guid: ed7ab037422280d49922a61d1904c038,
        type: 3}
      propertyPath: m_LocalPosition.y
      value: -1.457
      objectReference: {fileID: 0}
    - target: {fileID: -4216859302048453862, guid: ed7ab037422280d49922a61d1904c038,
        type: 3}
      propertyPath: m_LocalPosition.z
      value: 0.594
      objectReference: {fileID: 0}
    - target: {fileID: -4216859302048453862, guid: ed7ab037422280d49922a61d1904c038,
        type: 3}
      propertyPath: m_LocalRotation.x
      value: -0.82180995
      objectReference: {fileID: 0}
    - target: {fileID: -4216859302048453862, guid: ed7ab037422280d49922a61d1904c038,
        type: 3}
      propertyPath: m_LocalRotation.y
      value: -0.0012470149
      objectReference: {fileID: 0}
    - target: {fileID: -4216859302048453862, guid: ed7ab037422280d49922a61d1904c038,
        type: 3}
      propertyPath: m_LocalRotation.z
      value: 0.023915745
      objectReference: {fileID: 0}
    - target: {fileID: -4216859302048453862, guid: ed7ab037422280d49922a61d1904c038,
        type: 3}
      propertyPath: m_LocalRotation.w
      value: 0.5692582
      objectReference: {fileID: 0}
    - target: {fileID: -4216859302048453862, guid: ed7ab037422280d49922a61d1904c038,
        type: 3}
      propertyPath: m_RootOrder
      value: 0
      objectReference: {fileID: 0}
    - target: {fileID: -4216859302048453862, guid: ed7ab037422280d49922a61d1904c038,
        type: 3}
      propertyPath: m_LocalEulerAnglesHint.x
      value: 0
      objectReference: {fileID: 0}
    - target: {fileID: -4216859302048453862, guid: ed7ab037422280d49922a61d1904c038,
        type: 3}
      propertyPath: m_LocalEulerAnglesHint.y
      value: 0
      objectReference: {fileID: 0}
    - target: {fileID: -4216859302048453862, guid: ed7ab037422280d49922a61d1904c038,
        type: 3}
      propertyPath: m_LocalEulerAnglesHint.z
      value: 0
      objectReference: {fileID: 0}
    - target: {fileID: -4216859302048453862, guid: ed7ab037422280d49922a61d1904c038,
        type: 3}
      propertyPath: m_LocalScale.x
      value: 99.99998
      objectReference: {fileID: 0}
    - target: {fileID: -4216859302048453862, guid: ed7ab037422280d49922a61d1904c038,
        type: 3}
      propertyPath: m_LocalScale.y
      value: 100.00013
      objectReference: {fileID: 0}
    - target: {fileID: -4216859302048453862, guid: ed7ab037422280d49922a61d1904c038,
        type: 3}
      propertyPath: m_LocalScale.z
      value: 100.0002
      objectReference: {fileID: 0}
    m_RemovedComponents: []
  m_SourcePrefab: {fileID: 100100000, guid: ed7ab037422280d49922a61d1904c038, type: 3}
--- !u!4 &4183406556319621773 stripped
Transform:
  m_CorrespondingSourceObject: {fileID: -4216859302048453862, guid: ed7ab037422280d49922a61d1904c038,
    type: 3}
  m_PrefabInstance: {fileID: 9184184169752758679}
  m_PrefabAsset: {fileID: 0}
