%YAML 1.1
%TAG !u! tag:unity3d.com,2011:
--- !u!1 &1048065865475045941
GameObject:
  m_ObjectHideFlags: 0
  m_CorrespondingSourceObject: {fileID: 0}
  m_PrefabInstance: {fileID: 0}
  m_PrefabAsset: {fileID: 0}
  serializedVersion: 6
  m_Component:
  - component: {fileID: 4093811106345961510}
  - component: {fileID: 9055216355113263911}
  - component: {fileID: 9055216355113263910}
  - component: {fileID: 9055216355113263909}
  - component: {fileID: 9055216355113263908}
  - component: {fileID: 9055216355113263907}
  - component: {fileID: 3012228705422548923}
  - component: {fileID: 9055216355113263906}
  - component: {fileID: 9055216355113263904}
  - component: {fileID: 9055216355113263934}
  - component: {fileID: 8934876483736409076}
  - component: {fileID: 4236082694849839942}
  m_Layer: 9
  m_Name: NewPlayer
  m_TagString: Untagged
  m_Icon: {fileID: 0}
  m_NavMeshLayer: 0
  m_StaticEditorFlags: 0
  m_IsActive: 1
--- !u!4 &4093811106345961510
Transform:
  m_ObjectHideFlags: 0
  m_CorrespondingSourceObject: {fileID: 0}
  m_PrefabInstance: {fileID: 0}
  m_PrefabAsset: {fileID: 0}
  m_GameObject: {fileID: 1048065865475045941}
  m_LocalRotation: {x: 0, y: 0, z: 0, w: 1}
  m_LocalPosition: {x: 0, y: 1, z: 0}
  m_LocalScale: {x: 1, y: 1, z: 1}
  m_Children:
  - {fileID: 8805456169726917557}
  m_Father: {fileID: 0}
  m_RootOrder: 0
  m_LocalEulerAnglesHint: {x: 0, y: 0, z: 0}
--- !u!54 &9055216355113263911
Rigidbody:
  m_ObjectHideFlags: 0
  m_CorrespondingSourceObject: {fileID: 0}
  m_PrefabInstance: {fileID: 0}
  m_PrefabAsset: {fileID: 0}
  m_GameObject: {fileID: 1048065865475045941}
  serializedVersion: 2
  m_Mass: 1
  m_Drag: 0
  m_AngularDrag: 0.05
  m_UseGravity: 1
  m_IsKinematic: 0
  m_Interpolate: 0
  m_Constraints: 112
  m_CollisionDetection: 0
--- !u!136 &9055216355113263910
CapsuleCollider:
  m_ObjectHideFlags: 0
  m_CorrespondingSourceObject: {fileID: 0}
  m_PrefabInstance: {fileID: 0}
  m_PrefabAsset: {fileID: 0}
  m_GameObject: {fileID: 1048065865475045941}
  m_Material: {fileID: 13400000, guid: e3b0e00a5935d624090071c74ed34b63, type: 2}
  m_IsTrigger: 0
  m_Enabled: 1
  m_Radius: 0.5
  m_Height: 2.4752576
  m_Direction: 1
  m_Center: {x: 0, y: 1.2376288, z: 0}
--- !u!114 &9055216355113263909
MonoBehaviour:
  m_ObjectHideFlags: 0
  m_CorrespondingSourceObject: {fileID: 0}
  m_PrefabInstance: {fileID: 0}
  m_PrefabAsset: {fileID: 0}
  m_GameObject: {fileID: 1048065865475045941}
  m_Enabled: 1
  m_EditorHideFlags: 0
  m_Script: {fileID: 11500000, guid: 774264930a4d49888b975bf83baa29f3, type: 3}
  m_Name: 
  m_EditorClassIdentifier: 
  _playerData: {fileID: 11400000, guid: 1d8e32cb8f10e89478a1de4b7daccee7, type: 2}
--- !u!114 &9055216355113263908
MonoBehaviour:
  m_ObjectHideFlags: 0
  m_CorrespondingSourceObject: {fileID: 0}
  m_PrefabInstance: {fileID: 0}
  m_PrefabAsset: {fileID: 0}
  m_GameObject: {fileID: 1048065865475045941}
  m_Enabled: 1
  m_EditorHideFlags: 0
  m_Script: {fileID: 11500000, guid: 2bff79e0a2264c85a0fcc5360538ea33, type: 3}
  m_Name: 
  m_EditorClassIdentifier: 
  _playerController: {fileID: 9055216355113263907}
--- !u!114 &9055216355113263907
MonoBehaviour:
  m_ObjectHideFlags: 0
  m_CorrespondingSourceObject: {fileID: 0}
  m_PrefabInstance: {fileID: 0}
  m_PrefabAsset: {fileID: 0}
  m_GameObject: {fileID: 1048065865475045941}
  m_Enabled: 1
  m_EditorHideFlags: 0
  m_Script: {fileID: 11500000, guid: 2c8b60a6225d478fb5342e4d71999494, type: 3}
  m_Name: 
  m_EditorClassIdentifier: 
  _playerClientData:
    Health:
      value: 0
    MaxHealth:
      value: 0
    Speed:
      value: 0
    Strength:
      value: 0
    AttackDelay:
      value: 0
    Distance:
      value: 0
    AttackSpeed:
      value: 0
    VisionDistance:
      value: 0
    Avatar: {fileID: 0}
    Key: 
    Stamina:
      value: 0
    MaxStamina:
      value: 0
    StaminaRegenaration:
      value: 0
    Weapon: []
    RollDuration:
      value: 0
    RollSpeed:
      value: 0
    RollCost:
      value: 0
    AttackCost:
      value: 0
    FuryMode:
      value: 0
    SpeedWhenReloadCoeff:
      value: 0
  _currentState: {fileID: 9055216355113263906}
  _deathState: {fileID: 9055216355113263934}
  _afterAttackState: {fileID: 4236082694849839942}
  _liveState: {fileID: 9055216355113263906}
  Health: 0
  Attack: 0
  Stamina: 0
--- !u!114 &3012228705422548923
MonoBehaviour:
  m_ObjectHideFlags: 0
  m_CorrespondingSourceObject: {fileID: 0}
  m_PrefabInstance: {fileID: 0}
  m_PrefabAsset: {fileID: 0}
  m_GameObject: {fileID: 1048065865475045941}
  m_Enabled: 1
  m_EditorHideFlags: 0
  m_Script: {fileID: 11500000, guid: 835f2b20227b402e98810d741b7f8c9c, type: 3}
  m_Name: 
  m_EditorClassIdentifier: 
--- !u!114 &9055216355113263906
MonoBehaviour:
  m_ObjectHideFlags: 0
  m_CorrespondingSourceObject: {fileID: 0}
  m_PrefabInstance: {fileID: 0}
  m_PrefabAsset: {fileID: 0}
  m_GameObject: {fileID: 1048065865475045941}
  m_Enabled: 1
  m_EditorHideFlags: 0
  m_Script: {fileID: 11500000, guid: 1968fcd0081246b6aaa8c5810940d2ff, type: 3}
  m_Name: 
  m_EditorClassIdentifier: 
  _attackState: {fileID: 3012228705422548923}
  _rollState: {fileID: 9055216355113263904}
  Animator: {fileID: 1493295644311066319}
--- !u!114 &9055216355113263904
MonoBehaviour:
  m_ObjectHideFlags: 0
  m_CorrespondingSourceObject: {fileID: 0}
  m_PrefabInstance: {fileID: 0}
  m_PrefabAsset: {fileID: 0}
  m_GameObject: {fileID: 1048065865475045941}
  m_Enabled: 1
  m_EditorHideFlags: 0
  m_Script: {fileID: 11500000, guid: de489e5d38ae4b77bebebcda66766da6, type: 3}
  m_Name: 
  m_EditorClassIdentifier: 
  Animator: {fileID: 1493295644311066319}
--- !u!114 &9055216355113263934
MonoBehaviour:
  m_ObjectHideFlags: 0
  m_CorrespondingSourceObject: {fileID: 0}
  m_PrefabInstance: {fileID: 0}
  m_PrefabAsset: {fileID: 0}
  m_GameObject: {fileID: 1048065865475045941}
  m_Enabled: 1
  m_EditorHideFlags: 0
  m_Script: {fileID: 11500000, guid: 16b70ccf9a9544469ee09974a373b4ab, type: 3}
  m_Name: 
  m_EditorClassIdentifier: 
  Animator: {fileID: 1493295644311066319}
--- !u!114 &8934876483736409076
MonoBehaviour:
  m_ObjectHideFlags: 0
  m_CorrespondingSourceObject: {fileID: 0}
  m_PrefabInstance: {fileID: 0}
  m_PrefabAsset: {fileID: 0}
  m_GameObject: {fileID: 1048065865475045941}
  m_Enabled: 1
  m_EditorHideFlags: 0
  m_Script: {fileID: 11500000, guid: 68be8af951d54b1ca39ba24120ff9354, type: 3}
  m_Name: 
  m_EditorClassIdentifier: 
  _currentWeapon: {fileID: 2185235493174202864}
  _weaponAnimator: {fileID: 0}
  _characterAnimator: {fileID: 1493295644311066319}
--- !u!114 &4236082694849839942
MonoBehaviour:
  m_ObjectHideFlags: 0
  m_CorrespondingSourceObject: {fileID: 0}
  m_PrefabInstance: {fileID: 0}
  m_PrefabAsset: {fileID: 0}
  m_GameObject: {fileID: 1048065865475045941}
  m_Enabled: 1
  m_EditorHideFlags: 0
  m_Script: {fileID: 11500000, guid: d8f04cb464f877749af2f0b8b7320365, type: 3}
  m_Name: 
  m_EditorClassIdentifier: 
  Animator: {fileID: 1493295644311066319}
  RollState: {fileID: 9055216355113263904}
--- !u!114 &102809394
MonoBehaviour:
  m_ObjectHideFlags: 0
  m_CorrespondingSourceObject: {fileID: 0}
  m_PrefabInstance: {fileID: 0}
  m_PrefabAsset: {fileID: 0}
  m_GameObject: {fileID: 2185235493174202867}
  m_Enabled: 1
  m_EditorHideFlags: 0
  m_Script: {fileID: 11500000, guid: 01911429ccfb14744b237fb2686536a1, type: 3}
  m_Name: 
  m_EditorClassIdentifier: 
  activated: []
--- !u!114 &5345993183983462024
MonoBehaviour:
  m_ObjectHideFlags: 0
  m_CorrespondingSourceObject: {fileID: 0}
  m_PrefabInstance: {fileID: 0}
  m_PrefabAsset: {fileID: 0}
  m_GameObject: {fileID: 5505679558144084390}
  m_Enabled: 1
  m_EditorHideFlags: 0
  m_Script: {fileID: 11500000, guid: b02a5ea6277aa4847bac5e8db8260910, type: 3}
  m_Name: 
  m_EditorClassIdentifier: 
  Attacker: {fileID: 8934876483736409076}
--- !u!1001 &1556561726114683270
PrefabInstance:
  m_ObjectHideFlags: 0
  serializedVersion: 2
  m_Modification:
    m_TransformParent: {fileID: 7784145456485301462}
    m_Modifications:
    - target: {fileID: 849351562516072565, guid: 857a0124cbc5dc3489edd04f0382a520,
        type: 3}
      propertyPath: m_Name
      value: BowWeapon
      objectReference: {fileID: 0}
    - target: {fileID: 849351562516072564, guid: 857a0124cbc5dc3489edd04f0382a520,
        type: 3}
      propertyPath: m_LocalPosition.x
      value: 0.001
      objectReference: {fileID: 0}
    - target: {fileID: 849351562516072564, guid: 857a0124cbc5dc3489edd04f0382a520,
        type: 3}
      propertyPath: m_LocalPosition.y
      value: 0.158
      objectReference: {fileID: 0}
    - target: {fileID: 849351562516072564, guid: 857a0124cbc5dc3489edd04f0382a520,
        type: 3}
      propertyPath: m_LocalPosition.z
      value: 0.019
      objectReference: {fileID: 0}
    - target: {fileID: 849351562516072564, guid: 857a0124cbc5dc3489edd04f0382a520,
        type: 3}
      propertyPath: m_LocalRotation.x
      value: 0.53476214
      objectReference: {fileID: 0}
    - target: {fileID: 849351562516072564, guid: 857a0124cbc5dc3489edd04f0382a520,
        type: 3}
      propertyPath: m_LocalRotation.y
      value: -0.22385873
      objectReference: {fileID: 0}
    - target: {fileID: 849351562516072564, guid: 857a0124cbc5dc3489edd04f0382a520,
        type: 3}
      propertyPath: m_LocalRotation.z
      value: 0.18202989
      objectReference: {fileID: 0}
    - target: {fileID: 849351562516072564, guid: 857a0124cbc5dc3489edd04f0382a520,
        type: 3}
      propertyPath: m_LocalRotation.w
      value: -0.7942178
      objectReference: {fileID: 0}
    - target: {fileID: 849351562516072564, guid: 857a0124cbc5dc3489edd04f0382a520,
        type: 3}
      propertyPath: m_RootOrder
      value: 0
      objectReference: {fileID: 0}
    - target: {fileID: 849351562516072564, guid: 857a0124cbc5dc3489edd04f0382a520,
        type: 3}
      propertyPath: m_LocalEulerAnglesHint.x
      value: 0
      objectReference: {fileID: 0}
    - target: {fileID: 849351562516072564, guid: 857a0124cbc5dc3489edd04f0382a520,
        type: 3}
      propertyPath: m_LocalEulerAnglesHint.y
      value: 0
      objectReference: {fileID: 0}
    - target: {fileID: 849351562516072564, guid: 857a0124cbc5dc3489edd04f0382a520,
        type: 3}
      propertyPath: m_LocalEulerAnglesHint.z
      value: 0
      objectReference: {fileID: 0}
    - target: {fileID: 1611881983, guid: 857a0124cbc5dc3489edd04f0382a520, type: 3}
      propertyPath: m_LocalPosition.x
      value: 0.02
      objectReference: {fileID: 0}
    - target: {fileID: 1611881983, guid: 857a0124cbc5dc3489edd04f0382a520, type: 3}
      propertyPath: m_LocalPosition.y
      value: 0.07
      objectReference: {fileID: 0}
    - target: {fileID: 1611881983, guid: 857a0124cbc5dc3489edd04f0382a520, type: 3}
      propertyPath: m_LocalPosition.z
      value: 0.94
      objectReference: {fileID: 0}
    - target: {fileID: 849351562516072566, guid: 857a0124cbc5dc3489edd04f0382a520,
        type: 3}
      propertyPath: _characterAnimator
      value: 
      objectReference: {fileID: 1493295644311066319}
    - target: {fileID: 849351562516072566, guid: 857a0124cbc5dc3489edd04f0382a520,
        type: 3}
      propertyPath: _weaponAnimator
      value: 
      objectReference: {fileID: 0}
    m_RemovedComponents: []
  m_SourcePrefab: {fileID: 100100000, guid: 857a0124cbc5dc3489edd04f0382a520, type: 3}
--- !u!1 &2185235493174202867 stripped
GameObject:
  m_CorrespondingSourceObject: {fileID: 849351562516072565, guid: 857a0124cbc5dc3489edd04f0382a520,
    type: 3}
  m_PrefabInstance: {fileID: 1556561726114683270}
  m_PrefabAsset: {fileID: 0}
--- !u!114 &2185235493174202864 stripped
MonoBehaviour:
  m_CorrespondingSourceObject: {fileID: 849351562516072566, guid: 857a0124cbc5dc3489edd04f0382a520,
    type: 3}
  m_PrefabInstance: {fileID: 1556561726114683270}
  m_PrefabAsset: {fileID: 0}
  m_GameObject: {fileID: 2185235493174202867}
  m_Enabled: 1
  m_EditorHideFlags: 0
  m_Script: {fileID: 11500000, guid: 6c9f63e26d8b1ea4c9564b349c6a3919, type: 3}
  m_Name: 
  m_EditorClassIdentifier: 
--- !u!1001 &4560448180247957679
PrefabInstance:
  m_ObjectHideFlags: 0
  serializedVersion: 2
  m_Modification:
    m_TransformParent: {fileID: 4093811106345961510}
    m_Modifications:
    - target: {fileID: -927199367670048503, guid: 87e62d0bcf129b946b635e01d13ca2f6,
        type: 3}
      propertyPath: m_Name
      value: Gunplay
      objectReference: {fileID: 0}
    - target: {fileID: -4216859302048453862, guid: 87e62d0bcf129b946b635e01d13ca2f6,
        type: 3}
      propertyPath: m_LocalPosition.x
      value: 0
      objectReference: {fileID: 0}
    - target: {fileID: -4216859302048453862, guid: 87e62d0bcf129b946b635e01d13ca2f6,
        type: 3}
      propertyPath: m_LocalPosition.y
      value: 0
      objectReference: {fileID: 0}
    - target: {fileID: -4216859302048453862, guid: 87e62d0bcf129b946b635e01d13ca2f6,
        type: 3}
      propertyPath: m_LocalPosition.z
      value: 0
      objectReference: {fileID: 0}
    - target: {fileID: -4216859302048453862, guid: 87e62d0bcf129b946b635e01d13ca2f6,
        type: 3}
      propertyPath: m_LocalRotation.x
      value: 0
      objectReference: {fileID: 0}
    - target: {fileID: -4216859302048453862, guid: 87e62d0bcf129b946b635e01d13ca2f6,
        type: 3}
      propertyPath: m_LocalRotation.y
      value: 0
      objectReference: {fileID: 0}
    - target: {fileID: -4216859302048453862, guid: 87e62d0bcf129b946b635e01d13ca2f6,
        type: 3}
      propertyPath: m_LocalRotation.z
      value: 0
      objectReference: {fileID: 0}
    - target: {fileID: -4216859302048453862, guid: 87e62d0bcf129b946b635e01d13ca2f6,
        type: 3}
      propertyPath: m_LocalRotation.w
      value: 1
      objectReference: {fileID: 0}
    - target: {fileID: -4216859302048453862, guid: 87e62d0bcf129b946b635e01d13ca2f6,
        type: 3}
      propertyPath: m_RootOrder
      value: 0
      objectReference: {fileID: 0}
    - target: {fileID: -4216859302048453862, guid: 87e62d0bcf129b946b635e01d13ca2f6,
        type: 3}
      propertyPath: m_LocalEulerAnglesHint.x
      value: 0
      objectReference: {fileID: 0}
    - target: {fileID: -4216859302048453862, guid: 87e62d0bcf129b946b635e01d13ca2f6,
        type: 3}
      propertyPath: m_LocalEulerAnglesHint.y
      value: 0
      objectReference: {fileID: 0}
    - target: {fileID: -4216859302048453862, guid: 87e62d0bcf129b946b635e01d13ca2f6,
        type: 3}
      propertyPath: m_LocalEulerAnglesHint.z
      value: 0
      objectReference: {fileID: 0}
    - target: {fileID: -6057140222963153312, guid: 87e62d0bcf129b946b635e01d13ca2f6,
        type: 3}
      propertyPath: m_Controller
      value: 
      objectReference: {fileID: 9100000, guid: 5af576ef9cd45ec44a13141493ab3fcb, type: 2}
    - target: {fileID: -6057140222963153312, guid: 87e62d0bcf129b946b635e01d13ca2f6,
        type: 3}
      propertyPath: m_ApplyRootMotion
      value: 0
      objectReference: {fileID: 0}
    - target: {fileID: -681215969731513272, guid: 87e62d0bcf129b946b635e01d13ca2f6,
        type: 3}
      propertyPath: m_LocalRotation.x
      value: 0.00068487413
      objectReference: {fileID: 0}
    - target: {fileID: -681215969731513272, guid: 87e62d0bcf129b946b635e01d13ca2f6,
        type: 3}
      propertyPath: m_LocalRotation.z
      value: -0.004004801
      objectReference: {fileID: 0}
    m_RemovedComponents: []
  m_SourcePrefab: {fileID: 100100000, guid: 87e62d0bcf129b946b635e01d13ca2f6, type: 3}
--- !u!1 &5505679558144084390 stripped
GameObject:
  m_CorrespondingSourceObject: {fileID: -927199367670048503, guid: 87e62d0bcf129b946b635e01d13ca2f6,
    type: 3}
  m_PrefabInstance: {fileID: 4560448180247957679}
  m_PrefabAsset: {fileID: 0}
--- !u!4 &8805456169726917557 stripped
Transform:
  m_CorrespondingSourceObject: {fileID: -4216859302048453862, guid: 87e62d0bcf129b946b635e01d13ca2f6,
    type: 3}
  m_PrefabInstance: {fileID: 4560448180247957679}
  m_PrefabAsset: {fileID: 0}
--- !u!95 &1493295644311066319 stripped
Animator:
  m_CorrespondingSourceObject: {fileID: -6057140222963153312, guid: 87e62d0bcf129b946b635e01d13ca2f6,
    type: 3}
  m_PrefabInstance: {fileID: 4560448180247957679}
  m_PrefabAsset: {fileID: 0}
--- !u!4 &7784145456485301462 stripped
Transform:
  m_CorrespondingSourceObject: {fileID: -3220319501169496967, guid: 87e62d0bcf129b946b635e01d13ca2f6,
    type: 3}
  m_PrefabInstance: {fileID: 4560448180247957679}
  m_PrefabAsset: {fileID: 0}
